<?xml version="1.0" encoding="UTF-8"?><record xmlns="http://www.loc.gov/MARC21/slim" xmlns:cinclude="http://apache.org/cocoon/include/1.0" xmlns:zs="http://www.loc.gov/zing/srw/">
  <leader>01360nz  a2200205n  4500</leader>
  <controlfield tag="001">no2001056133</controlfield>
  <controlfield tag="003">DLC</controlfield>
  <controlfield tag="005">20010719073201.0</controlfield>
  <controlfield tag="008">010718n| acannaabn          |a ana     c</controlfield>
  <datafield tag="010" ind1=" " ind2=" ">
    <subfield code="a">no2001056133</subfield>
  </datafield>
  <datafield tag="035" ind1=" " ind2=" ">
    <subfield code="a">(OCoLC)oca05535940</subfield>
  </datafield>
  <datafield tag="040" ind1=" " ind2=" ">
    <subfield code="a">PPPrHi</subfield>
    <subfield code="b">eng</subfield>
    <subfield code="c">PPPrHi</subfield>
  </datafield>
  <datafield tag="110" ind1="2" ind2=" ">
    <subfield code="a">United Presbyterian Church in the U.S.A.</subfield>
    <subfield code="b">Presbytery of Atlantic</subfield>
  </datafield>
  <datafield tag="410" ind1="2" ind2=" ">
    <subfield code="a">United Presbyterian Church in the U.S.A.</subfield>
    <subfield code="b">Atlantic Presbytery</subfield>
  </datafield>
  <datafield tag="410" ind1="2" ind2=" ">
    <subfield code="a">Presbytery of Atlantic (United Presbyterian Church in the U.S.A.)</subfield>
  </datafield>
  <datafield tag="410" ind1="2" ind2=" ">
    <subfield code="a">Atlantic Presbytery (United Presbyterian Church in the U.S.A.)</subfield>
  </datafield>
  <datafield tag="510" ind1="2" ind2=" ">
    <subfield code="w">a</subfield>
    <subfield code="a">Presbyterian Church in the U.S.A.</subfield>
    <subfield code="b">Presbytery of Atlantic</subfield>
  </datafield>
  <datafield tag="510" ind1="2" ind2=" ">
    <subfield code="w">b</subfield>
    <subfield code="a">Presbyterian Church (U.S.A.).</subfield>
    <subfield code="b">Presbytery of Atlantic</subfield>
  </datafield>
  <datafield tag="670" ind1=" " ind2=" ">
    <subfield code="a">Presbyterian Church in the U.S.A. African-American Presbytery and Synods Record Collection, 1873-1991</subfield>
    <subfield code="b">(Atlantic Presbytery; Presbytery of Atlantic)</subfield>
  </datafield>
  <datafield tag="670" ind1=" " ind2=" ">
    <subfield code="a">PPPrHi files</subfield>
    <subfield code="b">(Presbytery of Atlantic; also known as Atlantic Presbytery; an African-American body in the Carolinas; originally formed by the Old School Presbyterian Church in the U.S.A. in 1868; continued by the United Presbyterian Church in the U.S.A. after 1958, and by the Presbyterian Church (U.S.A.) after 183; in 1988 it merged with the Presbytery of Charleston (formerly Presbyterian Church in the U.S.) to form the Presbytery of Charleston- Atlantic)</subfield>
  </datafield>
</record>